@misc{lalley_brownian_motion,
  author       = {Steven P. Lalley},
  title        = {Brownian Motion and Stochastic Calculus},
  year         = {n.d.},
  url          = {https://galton.uchicago.edu/~lalley/Courses/313/BrownianMotionCurrent.pdf},
  note         = {Accessed: 2024-12-22}
}

@misc{mediatum_stochastic_calculus,
  author       = {Wolfgang Kliemann},
  title        = {Introduction to Stochastic Calculus and Applications},
  year         = {n.d.},
  url          = {https://mediatum.ub.tum.de/doc/1072652/1072652.pdf},
  note         = {Accessed: 2024-12-22}
}

@misc{uregina_ou_solution,
  author       = {Michael Kozdron},
  title        = {Introduction to Brownian Motion and Stochastic Calculus},
  year         = {2014},
  url          = {https://uregina.ca/~kozdron/Teaching/Regina/441Fall14/Notes/L31-32-Nov19.pdf},
  note         = {Accessed: 2024-12-22}
}

@misc{goodman_derivative_securities,
  author       = {Jonathan Goodman},
  title        = {Lecture Notes on Derivative Securities: Stochastic Calculus and Applications},
  year         = {n.d.},
  url          = {https://math.nyu.edu/~goodman/teaching/DerivSec10/notes/week6.pdf},
  note         = {Accessed: 2024-12-22}
}

@misc{hurvich_unit_root,
  author       = {Clifford M. Hurvich},
  title        = {Unit Roots and Cointegration: A Brief Introduction},
  year         = {n.d.},
  url          = {https://pages.stern.nyu.edu/~churvich/Forecasting/Handouts/UnitRoot.pdf},
  note         = {Accessed: 2024-12-22}
}

@misc{nasdaq,
  author       = {{NASDAQ}},
  title        = {NASDAQ Stock Market Data and Resources},
  year         = {n.d.},
  url          = {https://www.nasdaq.com},
  note         = {Accessed: 2024-12-22}
}

@misc{seabold_pytts,
  author       = {Skipper Seabold and Josef Perktold},
  title        = {statsmodels: Econometric and Statistical Modeling with Python},
  year         = {2010},
  howpublished = {\url{https://www.statsmodels.org}},
  note         = {Accessed: 2024-12-22}
}